<record><leader>00000cas a2200000Ia 4500</leader><controlfield tag="001">19658407</controlfield><controlfield tag="008">890505c18849999pauwn n       0   a0eng d</controlfield><datafield ind1=" " ind2=" " tag="010"><subfield code="a">sn 94060179 </subfield></datafield><datafield ind1=" " ind2=" " tag="040"><subfield code="a">LAF</subfield><subfield code="b">eng</subfield><subfield code="c">LAF</subfield><subfield code="d">NVK</subfield><subfield code="d">OCLCQ</subfield></datafield><datafield ind1=" " ind2=" " tag="043"><subfield code="a">n-us-pa</subfield></datafield><datafield ind1=" " ind2=" " tag="092"><subfield code="a">378.748</subfield><subfield code="b">L16Qla, 1884-</subfield></datafield><datafield ind1="0" ind2="4" tag="245"><subfield code="a">The Lafayette.</subfield></datafield><datafield ind1=" " ind2=" " tag="260"><subfield code="a">Easton, PA :</subfield><subfield code="b">Lafayette College</subfield></datafield><datafield ind1=" " ind2=" " tag="300"><subfield code="a">v. :</subfield><subfield code="b">ill. ;</subfield><subfield code="c">24 cm.</subfield></datafield><datafield ind1=" " ind2=" " tag="310"><subfield code="a">Weekly (during school year),</subfield><subfield code="b">1972(Sept 29)-</subfield></datafield><datafield ind1=" " ind2=" " tag="321"><subfield code="a">Frequency varies,</subfield><subfield code="b">1884-1972 (Sept 22)</subfield></datafield><datafield ind1="0" ind2=" " tag="362"><subfield code="a">Vol. 10, no. 1 (Oct. 1884)-</subfield></datafield><datafield ind1="2" ind2="0" tag="610"><subfield code="a">Lafayette College (Easton, Pa.)</subfield><subfield code="v">Newspapers.</subfield></datafield><datafield ind1=" " ind2="0" tag="651"><subfield code="a">Easton (Pa.)</subfield><subfield code="v">Newspapers.</subfield></datafield><datafield ind1="2" ind2=" " tag="710"><subfield code="a">Lafayette College (Easton, Pa.)</subfield></datafield><datafield ind1=" " ind2=" " tag="752"><subfield code="a">United States</subfield><subfield code="b">Pennsylvania</subfield><subfield code="c">Northampton</subfield><subfield code="d">Easton.</subfield></datafield><datafield ind1="0" ind2="0" tag="780"><subfield code="t">Lafayette College Journal</subfield></datafield></record>